[gd_scene load_steps=10 format=3 uid="uid://ckmybqcr1v547"]

[ext_resource type="Script" path="res://scripts/TextPanelBehaviour.gd" id="1_anlr7"]
[ext_resource type="Texture2D" uid="uid://5aychnrs15bo" path="res://sprites/ui/UIbg.png" id="2_h5qd5"]
[ext_resource type="FontFile" uid="uid://mpe86homv2rs" path="res://fonts/kenvector_future.ttf" id="3_n6khn"]

[sub_resource type="CircleShape2D" id="CircleShape2D_d7c4s"]

[sub_resource type="FontFile" id="FontFile_20rqn"]
subpixel_positioning = 0
msdf_pixel_range = 14
msdf_size = 128
fallbacks = Array[Font]([ExtResource("3_n6khn")])
cache/0/16/0/ascent = 0.0
cache/0/16/0/descent = 0.0
cache/0/16/0/underline_position = 0.0
cache/0/16/0/underline_thickness = 0.0
cache/0/16/0/scale = 1.0
cache/0/16/0/kerning_overrides/16/0 = Vector2(0, 0)

[sub_resource type="Animation" id="Animation_d8t6s"]
resource_name = "PanelFade"
length = 0.4
tracks/0/type = "value"
tracks/0/imported = false
tracks/0/enabled = true
tracks/0/path = NodePath("CanvasLayer/TextureRect:modulate")
tracks/0/interp = 1
tracks/0/loop_wrap = true
tracks/0/keys = {
"times": PackedFloat32Array(0, 0.4),
"transitions": PackedFloat32Array(1, 1),
"update": 0,
"values": [Color(1, 1, 1, 0), Color(1, 1, 1, 1)]
}
tracks/1/type = "value"
tracks/1/imported = false
tracks/1/enabled = true
tracks/1/path = NodePath("CanvasLayer/TextureRect/Label:modulate")
tracks/1/interp = 1
tracks/1/loop_wrap = true
tracks/1/keys = {
"times": PackedFloat32Array(0.2, 0.4),
"transitions": PackedFloat32Array(1, 1),
"update": 0,
"values": [Color(1, 1, 1, 0), Color(1, 1, 1, 1)]
}

[sub_resource type="Animation" id="Animation_8eu5p"]
resource_name = "PanelBezierFade"
length = 0.4
tracks/0/type = "bezier"
tracks/0/imported = false
tracks/0/enabled = true
tracks/0/path = NodePath("CanvasLayer/TextureRect:modulate:r")
tracks/0/interp = 1
tracks/0/loop_wrap = true
tracks/0/keys = {
"handle_modes": PackedInt32Array(0),
"points": PackedFloat32Array(1, -0.25, 0, 0.25, 0),
"times": PackedFloat32Array(0.4)
}
tracks/1/type = "bezier"
tracks/1/imported = false
tracks/1/enabled = true
tracks/1/path = NodePath("CanvasLayer/TextureRect:modulate:g")
tracks/1/interp = 1
tracks/1/loop_wrap = true
tracks/1/keys = {
"handle_modes": PackedInt32Array(0),
"points": PackedFloat32Array(1, -0.25, 0, 0.25, 0),
"times": PackedFloat32Array(0.4)
}
tracks/2/type = "bezier"
tracks/2/imported = false
tracks/2/enabled = true
tracks/2/path = NodePath("CanvasLayer/TextureRect:modulate:b")
tracks/2/interp = 1
tracks/2/loop_wrap = true
tracks/2/keys = {
"handle_modes": PackedInt32Array(0),
"points": PackedFloat32Array(1, -0.25, 0, 0.25, 0),
"times": PackedFloat32Array(0.4)
}
tracks/3/type = "bezier"
tracks/3/imported = false
tracks/3/enabled = true
tracks/3/path = NodePath("CanvasLayer/TextureRect:modulate:a")
tracks/3/interp = 1
tracks/3/loop_wrap = true
tracks/3/keys = {
"handle_modes": PackedInt32Array(0, 0, 0, 0),
"points": PackedFloat32Array(0, -0.25, 0, 0.0556013, 0.621634, 0.520479, -0.0459315, 0.14812, 0.0797757, -0.270952, 1, -0.0680041, -0.974459, 0.25, 0, 6, -0.25, 0, 0.25, 0),
"times": PackedFloat32Array(0, 0.211124, 0.4, 0.4001)
}
tracks/4/type = "bezier"
tracks/4/imported = false
tracks/4/enabled = true
tracks/4/path = NodePath("CanvasLayer/TextureRect/Label:modulate:r")
tracks/4/interp = 1
tracks/4/loop_wrap = true
tracks/4/keys = {
"handle_modes": PackedInt32Array(0),
"points": PackedFloat32Array(1, -0.25, 0, 0.25, 0),
"times": PackedFloat32Array(0.4)
}
tracks/5/type = "bezier"
tracks/5/imported = false
tracks/5/enabled = true
tracks/5/path = NodePath("CanvasLayer/TextureRect/Label:modulate:g")
tracks/5/interp = 1
tracks/5/loop_wrap = true
tracks/5/keys = {
"handle_modes": PackedInt32Array(0),
"points": PackedFloat32Array(1, -0.25, 0, 0.25, 0),
"times": PackedFloat32Array(0.4)
}
tracks/6/type = "bezier"
tracks/6/imported = false
tracks/6/enabled = true
tracks/6/path = NodePath("CanvasLayer/TextureRect/Label:modulate:b")
tracks/6/interp = 1
tracks/6/loop_wrap = true
tracks/6/keys = {
"handle_modes": PackedInt32Array(0),
"points": PackedFloat32Array(1, -0.25, 0, 0.25, 0),
"times": PackedFloat32Array(0.4)
}
tracks/7/type = "bezier"
tracks/7/imported = false
tracks/7/enabled = true
tracks/7/path = NodePath("CanvasLayer/TextureRect/Label:modulate:a")
tracks/7/interp = 1
tracks/7/loop_wrap = true
tracks/7/keys = {
"handle_modes": PackedInt32Array(0, 0),
"points": PackedFloat32Array(0, -0.25, 0, 0.0784432, 0.435581, 1, -0.0345033, -1.16051, 0.25, 0),
"times": PackedFloat32Array(0.2, 0.4)
}

[sub_resource type="Animation" id="Animation_8kiqs"]
length = 0.001
tracks/0/type = "value"
tracks/0/imported = false
tracks/0/enabled = true
tracks/0/path = NodePath("CanvasLayer/TextureRect:modulate")
tracks/0/interp = 1
tracks/0/loop_wrap = true
tracks/0/keys = {
"times": PackedFloat32Array(0),
"transitions": PackedFloat32Array(1),
"update": 0,
"values": [Color(1, 1, 1, 1)]
}

[sub_resource type="AnimationLibrary" id="AnimationLibrary_o2nf2"]
_data = {
"PanelBezierFade": SubResource("Animation_8eu5p"),
"PanelFade": SubResource("Animation_d8t6s"),
"RESET": SubResource("Animation_8kiqs")
}

[node name="TextPanel" type="Area2D"]
script = ExtResource("1_anlr7")

[node name="CollisionShape2D" type="CollisionShape2D" parent="."]
shape = SubResource("CircleShape2D_d7c4s")

[node name="CanvasLayer" type="CanvasLayer" parent="."]

[node name="TextureRect" type="TextureRect" parent="CanvasLayer"]
self_modulate = Color(0.760784, 0.662745, 0.623529, 1)
anchors_preset = 5
anchor_left = 0.5
anchor_right = 0.5
offset_left = -150.0
offset_top = 120.0
offset_right = 215.0
offset_bottom = 266.0
grow_horizontal = 2
texture = ExtResource("2_h5qd5")
expand_mode = 1

[node name="Label" type="Label" parent="CanvasLayer/TextureRect"]
layout_mode = 1
anchors_preset = -1
anchor_right = 1.0
anchor_bottom = 1.0
offset_left = 4.0
offset_top = 2.0
offset_right = -2.0
offset_bottom = -5.0
theme_override_fonts/font = SubResource("FontFile_20rqn")
text = "(Quest)"
autowrap_mode = 2

[node name="AnimationPlayer" type="AnimationPlayer" parent="."]
libraries = {
"": SubResource("AnimationLibrary_o2nf2")
}

[connection signal="area_entered" from="." to="." method="_on_area_entered"]
[connection signal="area_exited" from="." to="." method="_on_area_exited"]
